@book{murphy2012machine,
  added-at = {2022-03-31T02:36:00.000+0200},
  address = {Cambridge, MA},
  author = {Murphy, Kevin P.},
  isbn = {9780262018029 0262018020},
  keywords = {68-01-computer-science-instructional-exposition 68t01-general-topics-in-artificial-intelligence 68t05-learning-and-adaptive-systems 68t10-pattern-recognition-speech-recognition},
  publisher = {MIT},
  series = {Adaptive computation and machine learning series},
  title = {Machine learning : a probabilistic perspective},
  year = 2012
}

@book{bishop:PRML,
  author = 	 "Christopher M. Bishop",
  title = 	 "Pattern Recognition and Machine Learning",
  publisher = 	 "Springer",
  year = 	 "2006",
}


