@book{murphy2012machine,
  added-at = {2022-03-31T02:36:00.000+0200},
  address = {Cambridge, MA},
  author = {Murphy, Kevin P.},
  isbn = {9780262018029 0262018020},
  keywords = {68-01-computer-science-instructional-exposition 68t01-general-topics-in-artificial-intelligence 68t05-learning-and-adaptive-systems 68t10-pattern-recognition-speech-recognition},
  publisher = {MIT},
  series = {Adaptive computation and machine learning series},
  title = {Machine learning : a probabilistic perspective},
  year = 2012
}

@book{bishop:PRML,
  author = 	 "Christopher M. Bishop",
  title = 	 "Pattern Recognition and Machine Learning",
  publisher = 	 "Springer",
  year = 	 "2006",
}

% @misc{YanBinJia20,
%   author        = {Yan-Bin, Jia},
%   title         = {Lecture notes in Recursive Least Squares Estimation},
%   month         = {February},
%   year          = {2020},
%   publisher={Faculdade de Engenharia da Universidade do Porto}
% }

@book{Dan2006,
author = {Simon, Dan},
title = {Optimal State Estimation: Kalman, H Infinity, and Nonlinear Approaches},
year = {2006},
isbn = {0471708585},
publisher = {Wiley-Interscience},
address = {USA}
}
